<?xml version="1.0" encoding="UTF-8"?><collection xmlns="http://www.loc.gov/MARC21/slim"><record><leader>00334nam--2200121-i-4500</leader><controlfield tag="001">000032169</controlfield><controlfield tag="002">20161230</controlfield><controlfield tag="005">20161230201039</controlfield><controlfield tag="008">060222s1000------------r-----000-0-eng-d</controlfield><datafield ind1=" " ind2=" " tag="100"><subfield code="a">Marcus Jean</subfield></datafield><datafield ind1=" " ind2=" " tag="245"><subfield code="a">La modulation de frequence. theorie et applications industrielles</subfield></datafield><datafield ind1=" " ind2=" " tag="260"><subfield code="a">Paris, Editions Eyrolles, 1960, 317p</subfield></datafield><datafield ind1=" " ind2=" " tag="852"><subfield code="a">16452</subfield></datafield></record></collection>